% Online

@misc{blangar,
	key="blangar",
	howpublished="\url{http://www.blangar.es/}",
}


%Android!!

@MISC{android:mislugares,
  key = {android:mislugares},
  year = {2012},
  month = "April",
  title = {{Mis Lugares}},
  howpublished =  "\url{http://bit.ly/12hBmvj}"
}

@MISC{android:wheelingmobileapp,
  key = {android:wheelingmobileapp},
  year = {2011},
  month = "September",
  title = {{Wheeling Mobile App}},
  howpublished =  "\url{http://bit.ly/12IdBh9}"
}



@MISC{android:thercomapp,
  key = {android:thercomapp},
  year = {2012},
  month = "July",
  title = {{Thercom App}},
  howpublished = "\url{http://bit.ly/1z7wUhQ}"
  
}

%http://bit.ly/1y0TmuD

@MISC{android:catralcityapp,
  key = {android:catralcityapp},
  year = {2013},
  month = "March",
  title = {{Catral City App}},
  howpublished = "\url{http://bit.ly/1y0TmuD}"
}



@MISC{android:elhondoapp,
  key = {android:elhondoapp},
  year = {2013},
  month = "March",
  title = {{El Hondo}},
  howpublished = "\url{http://bit.ly/1qMBrY8}"
}




@MISC{ios:westvirginiamuseumapp,
  key = {android:westvirginiamuseumapp},
  year = {2012},
  month = "December",
  title = {{West Virginia Museum App}},
  howpublished =  "\url{http://bit.ly/Zl4kKZ}"
}

@MISC{ios:catralcityapp,
  key = {ios:catralcityapp},
  year = {2013},
  month = "March",
  title = {{Catral City App}},
  howpublished =  "\url{http://bit.ly/11DYToP}"
}

@MISC{ios:elhondocityapp,
  key = {ios:elhondocityapp},
  year = {2013},
  month = "March",
  title = {{EL Hondo}},
  howpublished =  "\url{http://bit.ly/YQxuxT}"
}

@MISC{ios:oglebayapp,
  key = {ios:oglebayapp},
  year = {2013},
  month = "March",
  title = {{Oglebay App}},  
  howpublished = "\url{http://bit.ly/Lg8KyG}"
}


%Publicaciones

@article{graficos_max_potencia,
  author="Jordi Linares-Pellicer and Juan Vicente Martínez-Pérez and Arturo Candela-Moltó",
  title="Gráficos a la máxima potencia: Una comparativa entre motores de juegos",
  journal="3c Tic",
  number="2",
  volume="1",
  pages="51-65",
  year="2012",
  month="septiembre"
}
  

@BOOK{mobweb,
	author="Jordi Linares-Pellicer and Empar Carrasquer-Moya and Javier Esparza-Peidro and Jordi Tormo-Llacer\
	 and Pau Micó and Elena Pérez-Bernabeu and M.A. Sellés and Javier Silvestre-Blanes and Juan Vicente-Martínez\
	  and Arturo Candela-Moltó",
	title="New Trends in Mobile and Web Development",
	publisher="Artes Gráficas Alcoy S.A.",
	edition="first",
	year="2011"
}


  
  
  
  





